@article{jaya,
author = {Venkata Rao, Ravipudi},
year = {2016},
month = {01},
pages = {19-34},
title = {Jaya: A simple and new optimization algorithm for solving constrained and unconstrained optimization problems},
volume = {7},
journal = {International Journal of Industrial Engineering Computations},
doi = {10.5267/j.ijiec.2015.8.004}
}

@article{TLBO,
author = {Venkata Rao, Ravipudi and Savsani, Vimal and P. Vakharia, D},
year = {2011},
month = {03},
pages = {303-315},
title = {Teaching-Learning-Based Optimization: A novel method for constrained mechanical design optimization problems},
volume = {43},
journal = {Computer-Aided Design},
doi = {10.1016/j.cad.2010.12.015}
}

@article{mmkp,
 author = {Vasko, Francis J. and Lu, Yun and Zyma, Kenneth},
 title = {An Empirical Study of Population-based Metaheuristics for the Multiple-choice Multidimensional Knapsack Problem},
 journal = {Int. J. Metaheuristics},
 issue_date = {January 2016},
 volume = {5},
 number = {3/4},
 month = jan,
 year = {2016},
 issn = {1755-2176},
 pages = {193--225},
 numpages = {33},
 url = {https://doi.org/10.1504/IJMHEUR.2016.081151},
 doi = {10.1504/IJMHEUR.2016.081151},
 acmid = {3031038},
 publisher = {Inderscience Publishers},
 address = {Inderscience Publishers, Geneva, SWITZERLAND},
 keywords = {ABC, artificial bee colony, binary bat algorithm, combinatorial optimisation, criss-cross optimisation algorithm, genetic algorithms, multiple-choice multidimensional knapsack problem, neighbourhood search, population-based metaheuristics, teaching-learning-based optimisation},
}
